<?xml version="1.0" encoding="UTF-8"?><record xmlns="http://www.loc.gov/MARC21/slim" xmlns:cinclude="http://apache.org/cocoon/include/1.0" xmlns:zs="http://www.loc.gov/zing/srw/">
  <leader>01018cz  a2200217n  4500</leader>
  <controlfield tag="001">no 98004605 </controlfield>
  <controlfield tag="003">DLC</controlfield>
  <controlfield tag="005">20130312095910.0</controlfield>
  <controlfield tag="008">980107n| azannaabn          |a aaa     c</controlfield>
  <datafield tag="010" ind1=" " ind2=" ">
    <subfield code="a">no 98004605 </subfield>
  </datafield>
  <datafield tag="035" ind1=" " ind2=" ">
    <subfield code="a">(OCoLC)oca04577996</subfield>
  </datafield>
  <datafield tag="040" ind1=" " ind2=" ">
    <subfield code="a">PPi-MA</subfield>
    <subfield code="b">eng</subfield>
    <subfield code="e">rda</subfield>
    <subfield code="c">PPi-MA</subfield>
    <subfield code="d">PPi-MA</subfield>
    <subfield code="d">DLC</subfield>
  </datafield>
  <datafield tag="100" ind1="1" ind2=" ">
    <subfield code="a">Ludford, Nicholas,</subfield>
    <subfield code="d">approximately 1490-1557.</subfield>
    <subfield code="t">Missa Christi virgo dilectissima</subfield>
  </datafield>
  <datafield tag="400" ind1="1" ind2=" ">
    <subfield code="a">Ludford, Nicholas,</subfield>
    <subfield code="d">approximately 1490-1557.</subfield>
    <subfield code="t">Christi virgo</subfield>
  </datafield>
  <datafield tag="400" ind1="1" ind2=" ">
    <subfield code="a">Ludford, Nicholas,</subfield>
    <subfield code="d">approximately 1490-1557.</subfield>
    <subfield code="t">Christi virgo dilectissima</subfield>
  </datafield>
  <datafield tag="400" ind1="1" ind2=" ">
    <subfield code="a">Ludford, Nicholas,</subfield>
    <subfield code="d">approximately 1490-1557.</subfield>
    <subfield code="t">Mass Christi virgo dilectissima</subfield>
  </datafield>
  <datafield tag="400" ind1="1" ind2=" ">
    <subfield code="a">Ludford, Nicholas,</subfield>
    <subfield code="d">approximately 1490-1557.</subfield>
    <subfield code="t">Missa Christi virgo</subfield>
  </datafield>
  <datafield tag="400" ind1="1" ind2=" ">
    <subfield code="w">nnea</subfield>
    <subfield code="a">Ludford, Nicholas,</subfield>
    <subfield code="d">ca. 1490-1557.</subfield>
    <subfield code="t">Missa Christi virgo dilectissima</subfield>
  </datafield>
  <datafield tag="670" ind1=" " ind2=" ">
    <subfield code="a">Ludford, N. Missa Christi virgo dilectissima [SR] p1994.</subfield>
  </datafield>
  <datafield tag="670" ind1=" " ind2=" ">
    <subfield code="a">New Grove</subfield>
    <subfield code="b">(Missa "Christi virgo", 5vv)</subfield>
  </datafield>
  <datafield tag="670" ind1=" " ind2=" ">
    <subfield code="a">Grovemusic WWW site, Sept. 11, 2003</subfield>
    <subfield code="b">(Missa "Christi virgo dilectissima", 5vv)</subfield>
  </datafield>
</record>